@ARTICLE{FIM4Rv1:2012,
   author = {Daan Broeder and Bob Jones and David Kelsey and Philip Kershaw and Stefan Lüders and Andrew Lyall and Tommi Nyrönen and Romain Wartel and Heinz J Weyer},
   title = {Federated Identity Management for Research Collaborations},
   journal = {CERN},
   year = {2012}
}

@MISC{edugain,
    title = "{eduGAIN – enabling worldwide access}",
    howpublished = {\url{https://edugain.org/}},
    addendum = "(accessed: 05.06.2018)",
}

@MISC{rns,
    title="{Research and Scholarship - REFEDS}", 
    howpublished = {\url{https://refeds.org/research-and-scholarship}},
    addendum = "(accessed: 05.06.2018)",
}

@MISC{refeds,
    title = "{REFEDS}",
    howpublished  = {\url{https://refeds.org/}}, 
    addendum = "(accessed: 05.06.2018)",
}

@MISC{dariah,
    title = "{DARIAH | Digital Research Infrastructure for the Arts and Humanities.}",
    howpublished  = {\url{https://www.dariah.eu/}}, 
    addendum = "(accessed: 05.06.2018)",
}

@MISC{dariahaai,
    title = "{DARIAH AAI Documentation - DARIAH-DE public - DARIAH Wiki.}",
    howpublished  = {\url{https://wiki.de.dariah.eu/display/publicde/DARIAH+AAI+Documentation}}, 
    addendum = "(accessed: 05.06.2018)",
}

@MISC{vamdc-standards,
    title = "{Query language [v 12.07] [r 12.07] — VAMDC standards documentation.}",
    howpublished  = {\url{http://vamdc.eu/documents/standards/queryLanguage/index.html}}, 
    addendum = "(accessed: 05.06.2018)",
}

@MISC{vamdc-ref,
    title = "{VAMDC-XSAMS reference guide [v 1.0] [r 12.07] — VAMDC standards ....}",
    howpublished  = {\url{http://vamdc.eu/documents/standards/dataModel/vamdcxsams/index.html}}, 
    addendum = "(accessed: 05.06.2018)",
}

@MISC{vamdc-home,
    title = "{Welcome to the VAMDC portal!}",
    howpublished  = {\url{https://portal.vamdc.eu/vamdc_portal/home.seam}}, 
    addendum = "(accessed: 05.06.2018)",
}

@MISC{esgf,
    title = "{ESGF Home Page}",
    howpublished  = {\url{https://esgf.llnl.gov/}}, 
    addendum = "(accessed: 05.06.2018)",
}

@MISC{cta-intro,
    title = "{Introducing the CTA concept - Science Direct.}",
    howpublished  = {\url{https://www.sciencedirect.com/science/article/pii/S0927650513000169}}, 
    addendum = "(accessed: 05.06.2018)",
}

@MISC{ls-ref,
    title = "{CSC HPC Services - CERN Indico}",
    howpublished  = {\url{https://indico.cern.ch/event/647693/contributions/2693208/attachments/1525943/2385987/20170912_ELIXIR_Nyronen_for_FIM4R.pdf}}, 
    addendum = "(accessed: 05.06.2018)",
}

@MISC{ga4gh,
    title = "{Global Alliance for Genomics and Health (GA4GH)}",
    howpublished  = {\url{https://www.ga4gh.org/}}, 
    addendum = "(accessed: 05.06.2018)",
}

@article{dyke,
	Author = {Dyke, Stephanie O M and Kirby, Emily and Shabani, Mahsa and Thorogood, Adrian and Kato, Kazuto and Knoppers, Bartha M},
	Date = {2016/09/28/online},
	Date-Added = {2018-06-18 10:24:15 +0000},
	Date-Modified = {2018-06-18 10:24:15 +0000},
	Day = {28},
	Journal = {European Journal Of Human Genetics},
	L3 = {10.1038/ejhg.2016.115; https://www.nature.com/articles/ejhg2016115#supplementary-information},
	M3 = {Article},
	Month = {09},
	Pages = {1676 EP  -},
	Publisher = {The Author(s) SN  -},
	Title = {Registered access: a `Triple-A'approach},
	Ty = {JOUR},
	Url = {http://dx.doi.org/10.1038/ejhg.2016.115},
	Volume = {24},
	Year = {2016},
	Bdsk-Url-1 = {http://dx.doi.org/10.1038/ejhg.2016.115}
}

@Article{Mistuka,
  author = {Mišutka, J},
  title = {{D2.2 Robust SPF 1: workflow and monitoring}},
  Journal = {CLARIN-PLUS Deliverables},
  year = {2016},
  url = {https://office.clarin.eu/v/CE-2016-0809-CLARINPLUS-D2_2.pdf}
}

@Article{vanuyt,
  author = {van Uytvanck, D. and Elbers, W. and Moreira, A.},
  title = {{D2.7 Service Provider Federation Full Extension}},
  Journal = {CLARIN-PLUS Deliverables},
  year = {2017},
  url = {https://office.clarin.eu/v/CE-2017-1014-CLARINPLUS-D2_7.pdf}
}

@Article{Linden,
  author = {Mikael Linden and Tommi Nyrönen (CSC) and Ilkka Lappalainen (The EMBL-European Bioinformatics Institute)},
  title = {{Resource Entitlement Management System}},
  Journal = {Selected papers of TNC2013 Conference},
  publisher = {TERENA},
  year = {2013},
  month = {August},
  isbn = {978-90-77559-23-9},
  url = {http://www.terena.org/publications/tnc2013-proceedings/}
}

@Article{Brandizi2017,
author="Brandizi, Marco
and Melnichuk, Olga
and Bild, Raffael
and Kohlmayer, Florian
and Rodriguez-Castro, Benedicto
and Spengler, Helmut
and Kuhn, Klaus A.
and Kuchinke, Wolfgang
and Ohmann, Christian
and Mustonen, Timo
and Linden, Mikael
and Nyr{\"o}nen, Tommi
and Lappalainen, Ilkka
and Brazma, Alvis
and Sarkans, Ugis",
title="Orchestrating differential data access for translational research: a pilot implementation",
journal="BMC Medical Informatics and Decision Making",
year="2017",
month="Mar",
day="23",
volume="17",
number="1",
pages="30",
abstract="Translational researchers need robust IT solutions to access a range of data types, varying from public data sets to pseudonymised patient information with restricted access, provided on a case by case basis. The reason for this complication is that managing access policies to sensitive human data must consider issues of data confidentiality, identifiability, extent of consent, and data usage agreements. All these ethical, social and legal aspects must be incorporated into a differential management of restricted access to sensitive data.",
issn="1472-6947",
doi="10.1186/s12911-017-0424-6",
url="https://doi.org/10.1186/s12911-017-0424-6"
}

@MISC{elixir-aai,
    title = "{ELIXIR AAI documentation - ELIXIR Europe.}",
    howpublished  = {\url{https://www.elixir-europe.org/services/compute/aai}}, 
    addendum = "(accessed: 05.06.2018)",
}

@MISC{madrigal,
    title = "{Madrigal Database}",
    howpublished  = {\url{https://www.eiscat.se/madrigal/}}, 
    addendum = "(accessed: 05.06.2018)",
}

@MISC{hnscicloud,
    title = "{HNSciCloud}",
    howpublished  = {\url{https://www.hnscicloud.eu/.}}, 
    addendum = "(accessed: 05.06.2018)",
}

@article{COSTA2018,
title = "An integrated workspace for the Cherenkov Telescope Array",
journal = "Future Generation Computer Systems",
year = "2018",
issn = "0167-739X",
doi = "https://doi.org/10.1016/j.future.2018.04.009",
url = "http://www.sciencedirect.com/science/article/pii/S0167739X17309585",
author = "Alessandro Costa and Eva Sciacca and Fabio Vitello and Ugo Becciani and Pietro Massimino and Simone Riggi and David Sanchez",
keywords = "Workflow systems, Science gateways, Collaborative environments, Astrophysics, DCIs, Authentication and authorization"
}

@Article{costa-jgc,
 author = "Alessandro Costa",
 journal = {J. Grid Comput.},
 year = {2015},
 volume = {13},
 number = {4},
} 

@INPROCEEDINGS{cta-data-man,
   author = {{Lamanna}, G. and {Antonelli}, L.~A. and {Contreras}, J.~L. and 
	{Kn{\"o}dlseder}, J. and {Kosack}, K. and {Neyroud}, N. and 
	{Aboudan}, A. and {Arrabito}, L. and {Barbier}, C. and {Bastieri}, D. and 
	{Boisson}, C. and {Brau-Nogu{\'e}}, S. and {Bregeon}, J. and 
	{Bulgarelli}, A. and {Carosi}, A. and {Costa}, A. and {De Cesare}, G. and 
	{de los Reyes}, R. and {Fioretti}, V. and {Gallozzi}, S. and 
	{Jacquemier}, J. and {Khelifi}, B. and {Kocot}, J. and {Lombardi}, S. and 
	{Lucarelli}, F. and {Lyard}, E. and {Maier}, G. and {Massimino}, P. and 
	{Osborne}, J.~P. and {Perri}, M. and {Rico}, J. and {Sanchez}, D.~A. and 
	{Satalecka}, K. and {Siejkowski}, H. and {Stolarczyk}, T. and 
	{Szepieniec}, T. and {Testa}, V. and {Walter}, R. and {Ward}, J.~E. and 
	{Zoll}, A. and {Consortium}, C.},
    title = "{Cherenkov Telescope Array Data Management}",
booktitle = {34th International Cosmic Ray Conference (ICRC2015)},
     year = 2015,
   series = {International Cosmic Ray Conference},
   volume = 34,
archivePrefix = "arXiv",
   eprint = {1509.01012},
 primaryClass = "astro-ph.IM",
   editor = {{Borisov}, A.~S. and {Denisova}, V.~G. and {Guseva}, Z.~M. and 
	{Kanevskaya}, E.~A. and {Kogan}, M.~G. and {Morozov}, A.~E. and 
	{Puchkov}, V.~S. and {Pyatovsky}, S.~E. and {Shoziyoev}, G.~P. and 
	{Smirnova}, M.~D. and {Vargasov}, A.~V. and {Galkin}, V.~I. and 
	{Nazarov}, S.~I. and {Mukhamedshin}, R.~A.},
    month = jul,
      eid = {947},
    pages = {947},
   adsurl = {http://adsabs.harvard.edu/abs/2015ICRC...34..947L},
  adsnote = {Provided by the SAO/NASA Astrophysics Data System}
}

@MISC{fim4rweb,
    title = "{Federated Identity Management for Research, FIM4R}",
    howpublished  = {\url{https://fim4r.org/}},
    addendum = "(accessed: 05.06.2018)",
}

@MISC{aarc,
    title = "{Authentication and Authorisation for Research and Collaboration, AARC}",
    howpublished  = {\url{https://aarc-project.eu/}},
    addendum = "(accessed: 05.06.2018)",
}

@MISC{orcid,
    title = "{ORCID}",
    howpublished  = {\url{https://orcid.org/}},
    addendum = "(accessed: 05.06.2018)",
}

@MISC{oidc,
    title = "{OpenID Connect | OpenID.}",
    howpublished  = {\url{http://openid.net/connect/}},
    addendum = "(accessed: 05.06.2018)",
}

@MISC{moonshot,
    title = "{Moonshot Wiki: Home - Home.}",
    howpublished  = {\url{https://wiki.moonshot.ja.net/}},
    addendum = "(accessed: 05.06.2018)",
}

@MISC{oidcfed,
    title = "{OpenID Connect Federation 1.0 - draft 04.}",
    howpublished  = {\url{https://openid.net/specs/openid-connect-federation-1_0.html}},
    addendum = "(accessed: 05.06.2018)",
}

@MISC{GN4,
    title = "{GÉANT Project (GN4-1)}",
    howpublished  = {\url{https://www.geant.org/Projects/GEANT_Project_GN4-1}},
    addendum = "(accessed: 05.06.2018)",
}

@MISC{GDPR:2016,
    title = "Regulation (EU) 2016/679 of the European Parliament and of the Council of 27 April 2016",
    howpublished  = {\url{https://ec.europa.eu/info/files/regulation-eu-2016-679-protection-natural-persons-regard-processing-personal-data-and-free-movement-such-data_en}},
    addendum = "(accessed: 05.06.2018)",
    keywords = "GDPR"
}

@MISC{eugdpr,
    title = "{EU GDPR Information Portal.}",
    howpublished  = {\url{https://www.eugdpr.org/}},
    addendum = "(accessed: 05.06.2018)",
}

@MISC{assessdp,
    title = "{Assessment of DP Legislation Implications - Géant.}",
    howpublished  = {\url{https://www.geant.org/Projects/GEANT_Project_GN4/deliverables/M9-2_Assessment-of-DP-Legislation-Implications.pdf}},
    addendum = "(accessed: 05.06.2018)",
}

@MISC{attributerelease,
    title = "{Guidance on justification for attribute release for RandS.}",
    howpublished  = {\url{https://wiki.refeds.org/pages/viewpage.action?pageId=4194359}},
    addendum = "(accessed: 05.06.2018)",
}

@MISC{dpcoco,
    title = "{Data Protection Code of Conduct Home - REFEDS wiki.}",
    howpublished  = {\url{https://wiki.refeds.org/display/CODE/Data+Protection+Code+of+Conduct+Home}},
    addendum = "(accessed: 05.06.2018)",
}

@MISC{baseline,
    title = "{Baseline Expectations for Trust in Federation - InCommon.}",
    howpublished  = {\url{https://www.incommon.org/federation/baseline/}},
    addendum = "(accessed: 05.06.2018)",
}

@MISC{sirtfi,
    title = "{Security Incident Response Framework for Federated Identity, Sirtfi}",
    howpublished  = {\url{https://refeds.org/sirtfi}},
    addendum = "(accessed: 05.06.2018)",
}

@MISC{aarcbpa,
    title = "{AARC Blueprint Architecture – AARC.}",
    howpublished  = {\url{https://aarc-project.eu/architecture/}},
    addendum = "(accessed: 05.06.2018)",
}

@MISC{aarcguidelines,
    title = "{Guidelines - AARC project.}",
    howpublished  = {\url{https://aarc-project.eu/guidelines/}},
    addendum = "(accessed: 05.06.2018)",
}

